@book{lovecraft2016el,
	author = {Lovecraft, H. P.},
	title = {El cleÃÅrigo malvado y otros relatos},
	publisher = {Alianza Editorial},
	year = {2016},
	address = {Madrid},
	isbn = {9788491042105}
}

@book{norton_creep,
	author = {Norton, F. H},
	title = {The creep of steel at high temperatures},
	publisher = {McGraw-Hill},
	year = {1929},
	url = {https://archive.org/details/creepofsteelathi00nort},
}
